@article{PanCam,
title = "{The PanCam Instrument for the ExoMars Rover}",
author = "{PanCam team}",
journal = "Astrobiology",
volume = "17",
number = "6 and 7",
year = "2017",
note = {\href{https://www.liebertpub.com/doi/10.1089/ast.2016.1548}{link}}
}

@article{ISEM,
title = "{Infrared Spectrometer for ExoMars: A Mast-Mounted Instrument for the Rover}",
author = "{ISEM team}",
journal = "Astrobiology",
volume = "17",
number = "6 and 7",
year = "2017",
note = {\href{https://www.liebertpub.com/doi/10.1089/ast.2016.1543}{link}}
}

@article{CLUPI,
title = "{The Close-Up Imager Onboard the ESA ExoMars Rover: Objectives, Description, Operations, and Science Validation Activities}",
author = "{CLUPI team}",
journal = "Astrobiology",
volume = "17",
number = "6 and 7",
year = "2017",
note = {\href{https://www.liebertpub.com/doi/10.1089/ast.2016.1546}{link}}
}

@article{WISDOM,
title = "{The WISDOM Radar: Unveiling the Subsurface Beneath the ExoMars Rover and Identifying the Best Locations for Drilling}",
author = "{WISDOM team}",
journal = "Astrobiology",
volume = "17",
number = "6 and 7",
year = "2017",
note = {\href{https://www.liebertpub.com/doi/10.1089/ast.2016.1532}{link}}
}

@article{ADRON,
title = "{The ADRON-RM Instrument Onboard the ExoMars Rover}",
author = "{ADRON team}",
journal = "Astrobiology",
volume = "17",
number = "6 and 7",
year = "2017",
note = {\href{https://www.liebertpub.com/doi/10.1089/ast.2016.1566}{link}}
}

@article{MaMISS,
title = "{Ma\_MISS on Exomars: Mineralogical Characterization of the Martian Subsurface}",
author = "{Ma\_MISS team}",
journal = "Astrobiology",
volume = "17",
number = "6 and 7",
year = "2017",
note = {\href{https://www.liebertpub.com/doi/10.1089/ast.2016.1541}{link}}
}

@article{MicrOmega,
title = "{The MicrOmega Investigation Onboard ExoMars}",
author = "{MicrOmega team}",
journal = "Astrobiology",
volume = "17",
number = "6 and 7",
year = "2017",
note = {\href{https://www.liebertpub.com/doi/10.1089/ast.2016.1642}{link}}
}

@article{MOMA,
title = "{The Mars Organic Molecule Analyzer (MOMA) Instrument:
Characterization of Organic Material in Martian Sediments}",
author = "{MOMA team}",
journal = "Astrobiology",
volume = "17",
number = "6 and 7",
year = "2017",
note = {\href{https://www.liebertpub.com/doi/10.1089/ast.2016.1551}{link}}
}

@article{RLS,
title = "{The Raman Laser Spectrometer for the ExoMars
Rover Mission to Mars}",
author = "{RLS team}",
journal = "Astrobiology",
volume = "17",
number = "6 and 7",
year = "2017",
note = {\href{https://www.liebertpub.com/doi/10.1089/ast.2016.1567}{link}}
}

@manual{SpW,
title		 = "SpaceWire User's Guide",
author		 = "Steve Parkes",
organization = "STAR-Dundee",
year		 = "2012",
note = {\href{https://www.star-dundee.com/sites/default/files/SpaceWire%20User%27s%20Guide.pdf}{link}}
}

@manual{RMAP,
title		 = "SpaceWire Remote Memory Access Protocol",
author		 = "Steve Parkes and Chris McClements",
organization = "University of Dundee",
year		 = "2005",
note = {\href{http://spacewire.esa.int/content/TechPapers/documents/SpaceWire%20RMAP%20DASIA%202005.pdf}{link}}
}